@article{JMLR:v22:20-376,
  author  = {Yasuhiro Fujita and Prabhat Nagarajan and Toshiki Kataoka and Takahiro Ishikawa},
  title   = {ChainerRL: A Deep Reinforcement Learning Library},
  journal = {Journal of Machine Learning Research},
  year    = {2021},
  volume  = {22},
  number  = {77},
  pages   = {1-14},
  url     = {http://jmlr.org/papers/v22/20-376.html}
}

@misc{https://doi.org/10.48550/arxiv.1312.5602,
  doi = {10.48550/ARXIV.1312.5602},
  
  url = {https://arxiv.org/abs/1312.5602},
  
  author = {Mnih, Volodymyr and Kavukcuoglu, Koray and Silver, David and Graves, Alex and Antonoglou, Ioannis and Wierstra, Daan and Riedmiller, Martin},
  
  keywords = {Machine Learning (cs.LG), FOS: Computer and information sciences, FOS: Computer and information sciences},
  
  title = {Playing Atari with Deep Reinforcement Learning},
  
  publisher = {arXiv},
  
  year = {2013},
  
  copyright = {arXiv.org perpetual, non-exclusive license}
}

@misc{https://doi.org/10.48550/arxiv.1707.06347,
  doi = {10.48550/ARXIV.1707.06347},
  
  url = {https://arxiv.org/abs/1707.06347},
  
  author = {Schulman, John and Wolski, Filip and Dhariwal, Prafulla and Radford, Alec and Klimov, Oleg},
  
  keywords = {Machine Learning (cs.LG), FOS: Computer and information sciences, FOS: Computer and information sciences},
  
  title = {Proximal Policy Optimization Algorithms},
  
  publisher = {arXiv},
  
  year = {2017},
  
  copyright = {arXiv.org perpetual, non-exclusive license}
}
@misc{https://doi.org/10.48550/arxiv.1502.05477,
  doi = {10.48550/ARXIV.1502.05477},
  
  url = {https://arxiv.org/abs/1502.05477},
  
  author = {Schulman, John and Levine, Sergey and Moritz, Philipp and Jordan, Michael I. and Abbeel, Pieter},
  
  keywords = {Machine Learning (cs.LG), FOS: Computer and information sciences, FOS: Computer and information sciences},
  
  title = {Trust Region Policy Optimization},
  
  publisher = {arXiv},
  
  year = {2015},
  
  copyright = {arXiv.org perpetual, non-exclusive license}
}